@article{functional-response,
	title={A derivation of {Holling's} type \relax{I}, {II} and {III} functional responses in predator--prey systems},
	author={Dawes, JHP and Souza, MO},
	journal={Journal of Theoretical Biology},
	volume={327},
	pages={11--22},
	year={2013},
	publisher={Elsevier}
}
